@article{SEA2010,
        author = "Stuart, Elizabeth A.",
        doi = "10.1214/09-STS313",
        fjournal = "Statistical Science",
        journal = "Statist. Sci.",
        month = "02",
        number = "1",
        pages = "1--21",
        publisher = "The Institute of Mathematical Statistics",
        title = "Matching Methods for Causal Inference: A Review and a Look Forward",
        url = "https://doi.org/10.1214/09-STS313",
        volume = "25",
        year = "2010"
}
@Manual{FDA2003,
	title = {Pharmacokinetics in Patients with Impaired Hepatic Function: Study Design, Data Analysis, and Impact on Dosing and Labeling},
	AUTHOR =       {{FDA Guidance for industry}},
	organization = {Food \& Drug Administration},
	year = {2003},
        url = {https://www.fda.gov/Drugs/GuidanceComplianceRegulatoryInformation/Guidances/ucm064982.htm},
}
@Manual{FDA2010,
	title = {Pharmacokinetics in Patients with Impaired Renal Function â€” Study Design, Data Analysis, and Impact on Dosing and Labeling},
	AUTHOR =       {{FDA Guidance for industry}},
	organization = {Food \& Drug Administration},
	year = {2010},
        url = {https://www.fda.gov/Drugs/GuidanceComplianceRegulatoryInformation/Guidances/ucm064982.htm},
}
@BOOK{SAS2006,
        AUTHOR       = {Littell, R. C., and Milliken, G. A., and Stroup, W. W. and Wolfinger, R., D. },
        TITLE        = {SAS for mixed models (2nd ed.)},
        YEAR         = {2006},
        PUBLISHER    = {SAS Institute Inc.},
       address      = {Cary, NC}
}
@ARTICLE{MCD2018,
        AUTHOR =       {McNeish, D. and Kelly, K.},
        TITLE =        {Fixed Effects Models Versus Mixed Effects Models for Clustered Data: Reviewing the Approaches, Disentangling the Differences, and Making Recommendations},
        JOURNAL =      {Psychological Methods},
        YEAR =         {2018},
        url = "http://dx.doi.org/10.1037/met0000182",
 }
@ARTICLE{URS2002,
        AUTHOR =       {Urso, R., and Blardi, P., and Giorgi, G.},
        TITLE =        {A short introduction to pharmacokinetics},
        JOURNAL =      {Eur. Rev. Med. Pharmacol. Sci},
        YEAR =         {2002},
        volume =       {6},
        pages =        {33-44},
        url = "http://www.europeanreview.org/wp/wp-content/uploads/6.pdf",
 }
